@book{TigerBook,
    title={{M}odern {C}ompiler {I}mplementation in {J}ava},
    author={Andrew W Appel},
    year={2002},
    publisher={Cambridge University Press},
    edition={2nd},
    pages={501}
}

@unpublished{dependent-types-for-humans,
    author="Olivier Blanvillain and Georg Schmid and Martin Odersky and Viktor Kuncak",
    title="Dependent Types for Humans",
    year="2019",
    note="Under review"
}

@misc{match-types-website,
	howpublished = "\url{https://dotty.epfl.ch/docs/reference/new-types/match-types.html}",
	author = "Martin Odersky",
	title = "Match types documentation",
	note = "Accessed on 2019-05-11"
}

@article{why-dependent-types-matter,
    author = {Thorsten Altenkirch and Conor Mcbride and James McKinna},
    year = {2006},
    month = {01},
    pages = {1},
    title = {Why dependent types matter},
    volume = {41},
    journal = "ACM SIGPLAN Notices",
}

@InProceedings{dynamic-typing-with-dependent,
    author="Ou, Xinming and Tan, Gang and Mandelbaum, Yitzhak and Walker, David",
    editor="Levy, Jean-Jacques and Mayr, Ernst W. and Mitchell, John C.",
    title="Dynamic Typing with Dependent Types",
    booktitle="Exploring New Frontiers of Theoretical Informatics",
    year="2004",
    publisher="Springer US",
    address="Boston, MA",
    pages="437--450",
    isbn="978-1-4020-8141-5"
}

@phdthesis{agda,
    author = {Ulf Norell},
    title = {Towards a practical programming language based on dependent type theory},
    year = {2007},
    school = {Chalmers University of Technology}
}

@book{coq,
    author = {Chlipala, Adam},
    title = {Certified Programming with Dependent Types: A Pragmatic Introduction to the Coq Proof Assistant},
    year = {2013},
    isbn = {0262026651, 9780262026659},
    publisher = {The MIT Press},
}

@article{epigram,
    author = {McBride, Conor and McKinna, James},
    title = {The View from the Left},
    journal = {J. Funct. Program.},
    issue_date = {January 2004},
    volume = {14},
    number = {1},
    month = jan,
    year = {2004},
    issn = {0956-7968},
    pages = {69--111},
    numpages = {43},
    acmid = {967496},
    publisher = {Cambridge University Press},
    address = {New York, NY, USA}
}

@article{idris, 
    title={Idris, a general-purpose dependently typed programming language: Design and implementation}, 
    volume={23}, 
    DOI={10.1017/S095679681300018X}, 
    number={5}, 
    journal={Journal of Functional Programming}, 
    publisher={Cambridge University Press}, 
    author={Brady, Edwin}, 
    year={2013}, 
    pages={552â€“593}
}

@phdthesis{dependent-types-eisenberg,
    author = {Richard A Eisenberg},
    title = {Dependent types in Haskell: Theory and practice},
    year = {2016},
    school = {University of Pennsylvania}
}

@article{dependent-javascript,
    author = {Chugh, Ravi and Herman, David and Jhala, Ranjit},
    title = {Dependent Types for JavaScript},
    journal = {SIGPLAN Not.},
    issue_date = {October 2012},
    volume = {47},
    number = {10},
    month = oct,
    year = {2012},
    issn = {0362-1340},
    pages = {587--606},
    numpages = {20},
    acmid = {2384659},
    publisher = {ACM},
    address = {New York, NY, USA}
} 

@misc{type-families,
    howpublished = "\url{https://wiki.haskell.org/GHC/Type_families}",
	author = "{HaskellWiki contributors}",
	title = "HaskellWiki: Type families",
	note = "Accessed on 2019-05-12"
}

@misc{typescript-conditional,
	howpublished = "\url{https://www.typescriptlang.org/docs/handbook/advanced-types.html}",
	author = "{Microsoft Corporation}",
	title = "TypeScript conditional types documentation",
	note = "Accessed on 2019-05-12"
}

@misc{wierich-talk,
	howpublished = "\url{https://www.youtube.com/watch?v=wNa3MMbhwS4&t=25s}",
	author = "Stephanie Wierich",
	title = "Dependent Types in Haskell",
	note = "Accessed on 2019-05-12"
}
